@inproceedings{3DSemanticParsing,
  author    = {Armeni, Iro and Sener, Ozan and Zamir, Amir R. and Jiang, Helen and Brilakis, Ioannis and Fischer, Martin and Savarese, Silvio},
  booktitle = {2016 IEEE Conference on Computer Vision and Pattern Recognition},
  title     = {3D Semantic Parsing of Large-Scale Indoor Spaces},
  year      = {2016},
  volume    = {},
  number    = {},
  pages     = {1534-1543}
}

@article{alkhawaja_jaradat_romdhane_2023,
  title     = {Low-cost depth/IMU intelligent sensor fusion for indoor robot navigation},
  volume    = {41},
  number    = {6},
  journal   = {Robotica},
  publisher = {Cambridge University Press},
  author    = {Alkhawaja, Fares and Jaradat, Mohammad A. and Romdhane, Lotfi},
  year      = {2023},
  pages     = {1689–1717}
}

@article{bpa,
  author  = {Bernardini, F. and Mittleman, J. and Rushmeier, H. and Silva, C. and Taubin, G.},
  journal = {IEEE Transactions on Visualization and Computer Graphics},
  title   = {The ball-pivoting algorithm for surface reconstruction},
  year    = {1999},
  volume  = {5},
  number  = {4},
  pages   = {349-359}
}

@article{bundlefusion,
  author    = {Dai, Angela and Nie\ss{}ner, Matthias and Zollh\"{o}fer, Michael and Izadi, Shahram and Theobalt, Christian},
  title     = {BundleFusion: Real-Time Globally Consistent 3D Reconstruction Using On-the-Fly Surface Reintegration},
  year      = {2017},
  publisher = {Association for Computing Machinery},
  address   = {New York, NY, USA},
  volume    = {36},
  number    = {3},
  pages     = {1},
  issn      = {0730-0301},
  journal   = {ACM Transactions on Graphics},
  month     = {may},
  articleno = {24},
  numpages  = {18}
}

@book{bushong2003magnetic,
  title     = {Magnetic resonance imaging: physical and biological principles},
  author    = {Bushong, Stewart C and Clarke, Geoffrey},
  year      = {2003},
  publisher = {Elsevier Health Sciences}
}

@inproceedings{CascadedPyramidNetwork,
  author = {Chen, Yilun and Wang, Zhicheng and Peng, Yuxiang and Zhang, Zhiqiang and Yu, Gang and Sun, Jian},
  year   = {2018},
  month  = {06},
  pages  = {7103-7112},
  title  = {Cascaded Pyramid Network for Multi-person Pose Estimation}
}

@article{cavallari2019real,
  title     = {Real-time RGB-D camera pose estimation in novel scenes using a relocalisation cascade},
  author    = {Cavallari, Tommaso and Golodetz, Stuart and Lord, Nicholas A and Valentin, Julien and Prisacariu, Victor A and Di Stefano, Luigi and Torr, Philip HS},
  journal   = {IEEE transactions on pattern analysis and machine intelligence},
  volume    = {42},
  number    = {10},
  pages     = {2465--2477},
  year      = {2019},
  publisher = {IEEE}
}

@article{china2025,
  title   = {《中国制造2025》解读之:中国制造2025,我国制造强国建设的宏伟蓝图},
  journal = {工业炉},
  volume  = {44},
  number  = {4},
  pages   = {1},
  year    = {2022}
}

@inproceedings{Cityscapes,
  title     = {The cityscapes dataset for semantic urban scene understanding},
  author    = {Cordts, Marius and Omran, Mohamed and Ramos, Sebastian and Rehfeld, Timo and Enzweiler, Markus and Benenson, Rodrigo and Franke, Uwe and Roth, Stefan and Schiele, Bernt},
  booktitle = {Proceedings of the IEEE conference on computer vision and pattern recognition},
  pages     = {3213--3223},
  year      = {2016}
}

@inproceedings{cluster_mask_transformer,
  author    = {Yu, Qihang and Wang, Huiyu and Kim, Dahun and Qiao, Siyuan and Collins, Maxwell and Zhu, Yukun and Adam, Hartwig and Yuille, Alan and Chen, Liang-Chieh},
  booktitle = {2022 IEEE/CVF Conference on Computer Vision and Pattern Recognition},
  title     = {CMT-DeepLab: Clustering Mask Transformers for Panoptic Segmentation},
  year      = {2022},
  volume    = {},
  number    = {},
  pages     = {2550-2560}
}

@article{CompressibleLES,
  author  = {Daude, Frédéric and Emmert, Thomas and Lafon, Philippe and Bailly, Christophe},
  year    = {2008},
  month   = {05},
  pages   = {3049},
  title   = {A High-Order Algorithm for Compressible LES in CAA Applications},
  journal = {AIAA Papers}
}

@article{deeplab,
  title     = {Deeplab: Semantic image segmentation with deep convolutional nets, atrous convolution, and fully connected crfs},
  author    = {Chen, Liang-Chieh and Papandreou, George and Kokkinos, Iasonas and Murphy, Kevin and Yuille, Alan L},
  journal   = {IEEE transactions on pattern analysis and machine intelligence},
  volume    = {40},
  number    = {4},
  pages     = {834--848},
  year      = {2017},
  publisher = {IEEE}
}

@misc{deeplab2,
  title         = {DeepLab2: A TensorFlow Library for Deep Labeling},
  author        = {Mark Weber and Huiyu Wang and Siyuan Qiao and Jun Xie and Maxwell D. Collins and Yukun Zhu and Liangzhe Yuan and Dahun Kim and Qihang Yu and Daniel Cremers and Laura Leal-Taixe and Alan L. Yuille and Florian Schroff and Hartwig Adam and Liang-Chieh Chen},
  year          = {2021},
  eprint        = {2106.09748},
  archiveprefix = {arXiv},
  primaryclass  = {cs.CV}
}

@inproceedings{deeplab3plus,
  title     = {Encoder-decoder with atrous separable convolution for semantic image segmentation},
  author    = {Chen, Liang-Chieh and Zhu, Yukun and Papandreou, George and Schroff, Florian and Adam, Hartwig},
  booktitle = {Proceedings of the European conference on computer vision},
  pages     = {801--818},
  year      = {2018}
}

@inproceedings{Dynamicfusion,
  title     = {Dynamicfusion: Reconstruction and tracking of non-rigid scenes in real-time},
  author    = {Newcombe, Richard A and Fox, Dieter and Seitz, Steven M},
  booktitle = {Proceedings of the IEEE conference on computer vision and pattern recognition},
  pages     = {343--352},
  year      = {2015}
}

@article{EfficientPS,
  title     = {Efficientps: Efficient panoptic segmentation},
  author    = {Mohan, Rohit and Valada, Abhinav},
  journal   = {International Journal of Computer Vision},
  volume    = {129},
  number    = {5},
  pages     = {1551--1579},
  year      = {2021},
  publisher = {Springer}
}

@article{EfficientRGB-DSLAM,
  author  = {Yang, Xin and Yuan, Zikang and Zhu, Dongfu and Chi, Cheng and Li, Kun and Liao, Chunyuan},
  journal = {IEEE Transactions on Multimedia},
  title   = {Robust and Efficient RGB-D SLAM in Dynamic Environments},
  year    = {2021},
  volume  = {23},
  number  = {},
  pages   = {4208-4219}
}

@article{electronics10161960,
  title     = {Real-time semantic segmentation of 3D point cloud for autonomous driving},
  author    = {Kang, Dongwan and Wong, Anthony and Lee, Banghyon and Kim, Jungha},
  journal   = {Electronics},
  volume    = {10},
  number    = {16},
  pages     = {1960},
  year      = {2021},
  publisher = {MDPI}
}

@article{endres20133,
  title     = {3-D mapping with an RGB-D camera},
  author    = {Endres, Felix and Hess, J{\"u}rgen and Sturm, J{\"u}rgen and Cremers, Daniel and Burgard, Wolfram},
  journal   = {IEEE transactions on robotics},
  volume    = {30},
  number    = {1},
  pages     = {177--187},
  year      = {2013},
  publisher = {IEEE}
}

@article{epipolar,
  title     = {Determining the epipolar geometry and its uncertainty: A review},
  author    = {Zhang, Zhengyou},
  journal   = {International journal of computer vision},
  volume    = {27},
  pages     = {161--195},
  year      = {1998},
  publisher = {Springer}
}

@book{finance2015visual,
  title     = {The visual effects producer: Understanding the art and business of VFX},
  author    = {Finance, Charles and Zwerman, Susan},
  year      = {2015},
  publisher = {CRC Press}
}

@article{furukawa2015multi,
  title     = {Multi-view stereo: A tutorial},
  author    = {Furukawa, Yasutaka and Hern{\'a}ndez, Carlos and others},
  journal   = {Foundations and Trends{\textregistered} in Computer Graphics and Vision},
  volume    = {9},
  number    = {1-2},
  pages     = {1--148},
  year      = {2015},
  publisher = {Now Publishers, Inc.}
}

@article{Fusion4d,
  title     = {Fusion4d: Real-time performance capture of challenging scenes},
  author    = {Dou, Mingsong and Khamis, Sameh and Degtyarev, Yury and Davidson, Philip and Fanello, Sean Ryan and Kowdle, Adarsh and Escolano, Sergio Orts and Rhemann, Christoph and Kim, David and Taylor, Jonathan and others},
  journal   = {ACM Transactions on Graphics (ToG)},
  volume    = {35},
  number    = {4},
  pages     = {1--13},
  year      = {2016},
  publisher = {ACM New York, NY, USA}
}

@article{ge2018real,
  title     = {Real-time 3D hand pose estimation with 3D convolutional neural networks},
  author    = {Ge, Liuhao and Liang, Hui and Yuan, Junsong and Thalmann, Daniel},
  journal   = {IEEE transactions on pattern analysis and machine intelligence},
  volume    = {41},
  number    = {4},
  pages     = {956--970},
  year      = {2018},
  publisher = {IEEE}
}


@article{GPUAccelerated,
  title   = {GPU Accelerated 3D Object Reconstruction},
  journal = {Procedia Computer Science},
  volume  = {18},
  pages   = {290-298},
  year    = {2013},
  note    = {2013 International Conference on Computational Science},
  issn    = {1877-0509},
  author  = {Marcin Denkowski}
}

@inproceedings{hasenfratz2003survey,
  title     = {A survey of real-time soft shadows algorithms},
  author    = {Hasenfratz, Jean-Marc and Lapierre, Marc and Holzschuch, Nicolas and Sillion, Fran{\c{c}}ois X},
  booktitle = {Computer Graphics Forum},
  volume    = {22},
  number    = {4},
  pages     = {753--774},
  year      = {2003}
}

@article{hornung2013octomap,
  title     = {OctoMap: An efficient probabilistic 3D mapping framework based on octrees},
  author    = {Hornung, Armin and Wurm, Kai M and Bennewitz, Maren and Stachniss, Cyrill and Burgard, Wolfram},
  journal   = {Autonomous robots},
  volume    = {34},
  pages     = {189--206},
  year      = {2013},
  publisher = {Springer}
}

@article{hungarian,
  author  = {Kuhn, H. W.},
  title   = {The Hungarian method for the assignment problem},
  journal = {Naval Research Logistics Quarterly},
  volume  = {2},
  number  = {1-2},
  pages   = {83-97},
  year    = {1955}
}

@inproceedings{izadi2011kinectfusion,
  title     = {Kinectfusion: real-time 3d reconstruction and interaction using a moving depth camera},
  author    = {Izadi, Shahram and Kim, David and Hilliges, Otmar and Molyneaux, David and Newcombe, Richard and Kohli, Pushmeet and Shotton, Jamie and Hodges, Steve and Freeman, Dustin and Davison, Andrew and others},
  booktitle = {Proceedings of the 24th annual ACM symposium on User interface software and technology},
  pages     = {559--568},
  year      = {2011}
}

@article{jiqirenjianzhu_chuangxin,
  title   = {智能机器人在建筑行业的创新实践},
  author  = {葛树志},
  journal = {软件和集成电路},
  number  = {12},
  pages   = {2},
  year    = {2019}
}

@article{jiqirenjianzhu_hulian,
  author  = {刘洁 and 刘星辰 and 徐卫国},
  title   = {互感、互知、互联——智能机器人时代的建筑},
  journal = {当代建筑},
  number  = {6},
  pages   = {5},
  year    = {2022}
}

@inproceedings{kim2016real,
  title        = {Real-time 3D reconstruction and 6-DoF tracking with an event camera},
  author       = {Kim, Hanme and Leutenegger, Stefan and Davison, Andrew J},
  booktitle    = {Computer Vision--ECCV 2016: 14th European Conference, Amsterdam, The Netherlands, October 11-14, 2016, Proceedings, Part VI 14},
  pages        = {349--364},
  year         = {2016},
  organization = {Springer}
}

@article{kitti,
  title     = {Vision meets robotics: The kitti dataset},
  author    = {Geiger, Andreas and Lenz, Philip and Stiller, Christoph and Urtasun, Raquel},
  journal   = {The International Journal of Robotics Research},
  volume    = {32},
  number    = {11},
  pages     = {1231--1237},
  year      = {2013},
  publisher = {Sage Publications Sage UK: London, England}
}

@misc{kmax_deeplab_result,
  author       = {DeepLab2},
  title        = {kMaX-DeepLab performance in Cityscapes val set results},
  howpublished = {\url{https://github.com/google-research/deeplab2/blob/main/g3doc/projects/kmax_deeplab.md#cityscapes-panopticsemanticinstance-segmentation}}
}

@inproceedings{kmeans_mask_transformer,
  author    = {Yu, Qihang and Wang, Huiyu and Qiao, Siyuan and Collins, Maxwell and Zhu, Yukun and Adam, Hartwig and Yuille, Alan and Chen, Liang-Chieh},
  editor    = {Avidan, Shai and Brostow, Gabriel and Ciss{\'e}, Moustapha  and Farinella, Giovanni Maria and Hassner, Tal},
  title     = {k-means Mask Transformer},
  booktitle = {Computer Vision -- ECCV 2022},
  year      = {2022},
  publisher = {Springer Nature Switzerland},
  address   = {Cham},
  pages     = {288--307},
  isbn      = {978-3-031-19818-2}
}

@inproceedings{KPConv,
  title     = {Kpconv: Flexible and deformable convolution for point clouds},
  author    = {Thomas, Hugues and Qi, Charles R and Deschaud, Jean-Emmanuel and Marcotegui, Beatriz and Goulette, Fran{\c{c}}ois and Guibas, Leonidas J},
  booktitle = {Proceedings of the IEEE/CVF international conference on computer vision},
  pages     = {6411--6420},
  year      = {2019}
}

@inproceedings{Levenberg-Marquardt,
  title   = {The Levenberg-Marquardt algorithm for nonlinear least squares curve-fitting problems},
  author  = {Gavin, Henri P},
  journal = {Department of civil and environmental engineering, Duke University},
  volume  = {19},
  year    = {2019}
}

@book{linux_kernel,
  title     = {Understanding the Linux Kernel: from I/O ports to process management},
  author    = {Bovet, Daniel P and Cesati, Marco},
  year      = {2005},
  publisher = {" O'Reilly Media, Inc."}
}

@conference{loam,
  title        = {LOAM: Lidar odometry and mapping in real-time.},
  author       = {Zhang, Ji and Singh, Sanjiv},
  booktitle    = {Robotics: Science and systems},
  volume       = {2},
  number       = {9},
  pages        = {1--9},
  year         = {2014},
  organization = {Berkeley, CA}
}

@article{MANUELDAVILADELGADO2022101787,
  title   = {Robotics in construction: A critical review of the reinforcement learning and imitation learning paradigms},
  journal = {Advanced Engineering Informatics},
  volume  = {54},
  pages   = {101787},
  year    = {2022},
  issn    = {1474-0346},
  author  = {Juan {Manuel Davila Delgado} and Lukumon Oyedele}
}

@inproceedings{mask_transformer,
  title     = {Max-deeplab: End-to-end panoptic segmentation with mask transformers},
  author    = {Wang, Huiyu and Zhu, Yukun and Adam, Hartwig and Yuille, Alan and Chen, Liang-Chieh},
  booktitle = {Proceedings of the IEEE/CVF conference on computer vision and pattern recognition},
  pages     = {5463--5474},
  month     = {jun},
  year      = {2021}
}

@inproceedings{Matterport3D,
  author    = {Chang, Angel and Dai, Angela and Funkhouser, Thomas and Halber, Maciej and Niebner, Matthias and Savva, Manolis and Song, Shuran and Zeng, Andy and Zhang, Yinda},
  booktitle = {2017 International Conference on 3D Vision (3DV)},
  title     = {Matterport3D: Learning from RGB-D Data in Indoor Environments},
  year      = {2017},
  volume    = {},
  number    = {},
  pages     = {667-676},
  doi       = {10.1109/3DV.2017.00081}
}

@inproceedings{Multi-resolutionSurfaceReconstruction,
  author    = {Steinbrucker, Frank and Kerl, Christian and Cremers, Daniel and Sturm, Jurgen},
  booktitle = {2013 IEEE International Conference on Computer Vision},
  title     = {Large-Scale Multi-resolution Surface Reconstruction from RGB-D Sequences},
  year      = {2013},
  volume    = {},
  number    = {},
  pages     = {3264-3271}
}

@inproceedings{MultiThreadingVulkan,
  title  = {Evaluation of Multi-Threading in Vulkan},
  author = {Axel Blackert},
  year   = {2016}
}

@inproceedings{newcombe2011kinectfusion,
  title        = {Kinectfusion: Real-time dense surface mapping and tracking},
  author       = {Newcombe, Richard A and Izadi, Shahram and Hilliges, Otmar and Molyneaux, David and Kim, David and Davison, Andrew J and Kohi, Pushmeet and Shotton, Jamie and Hodges, Steve and Fitzgibbon, Andrew},
  booktitle    = {2011 10th IEEE international symposium on mixed and augmented reality},
  pages        = {127--136},
  year         = {2011},
  organization = {Ieee}
}

@misc{nvidia_cuda,
  author       = {{NVIDIA Corporation}},
  title        = {CUDA Toolkit Documentation},
  year         = {2023},
  howpublished = {\url{https://docs.nvidia.com/cuda/}},
  note         = {Accessed: 2023-07-01}
}

@inproceedings{online_panoptic_3d,
  author    = {Raivio, Leevi and Rahtu, Esa},
  editor    = {Sclaroff, Stan and Distante, Cosimo and Leo, Marco and Farinella, Giovanni M. and Tombari, Federico},
  title     = {Online Panoptic 3D Reconstruction as a Linear Assignment Problem},
  booktitle = {Image Analysis and Processing -- ICIAP 2022},
  year      = {2022},
  publisher = {Springer International Publishing},
  address   = {Cham},
  pages     = {39--50},
  isbn      = {978-3-031-06430-2}
}

@article{OnlineSegFusion,
  author  = {Menini, Davide and Kumar, Suryansh and Oswald, Martin R. and Sandström, Erik and Sminchisescu, Cristian and Van Gool, Luc},
  journal = {IEEE Robotics and Automation Letters},
  title   = {A Real-Time Online Learning Framework for Joint 3D Reconstruction and Semantic Segmentation of Indoor Scenes},
  year    = {2022},
  volume  = {7},
  number  = {2},
  pages   = {1332-1339}
}

@article{open3d,
  author = {Zhou, Qian-Yi and Park, Jaesik and Koltun, Vladlen},
  year   = {2018},
  month  = {01},
  pages  = {},
  title  = {Open3D: A Modern Library for 3D Data Processing}
}

@misc{OpenGL_graphics_system,
  title   = {The OpenGL Graphics System: A Specification (Version 4.6 (Core Profile)-October 22, 2019)},
  author  = {Segal, Mark and Akeley, Kurt},
  journal = {The Khronos Group Inc.[cit. 2020-12-05]. Dostupn{\'e} z: https://www. khronos. org/registry/0penGL/specs/gl/glspec46. core. pdf},
  year    = {2021}
}

@article{orb_slam2,
  year      = 2017,
  month     = {oct},
  publisher = {Institute of Electrical and Electronics Engineers ({IEEE})},
  volume    = {33},
  number    = {5},
  pages     = {1255--1262},
  author    = {Raul Mur-Artal and Juan D. Tardos},
  title     = {{ORB}-{SLAM}2: An Open-Source {SLAM} System for Monocular, Stereo, and {RGB}-D Cameras},
  journal   = {{IEEE} Transactions on Robotics}
}

@article{panopticfusion,
  title   = {PanopticFusion: Online Volumetric Semantic Mapping at the Level of Stuff and Things},
  author  = {Gaku Narita and Takashi Seno and Tomoya Ishikawa and Yohsuke Kaji},
  journal = {2019 IEEE/RSJ International Conference on Intelligent Robots and Systems (IROS)},
  year    = {2019},
  pages   = {4205-4212}
}

@inproceedings{panopticsegmentation,
  title     = {Panoptic segmentation},
  author    = {Kirillov, Alexander and He, Kaiming and Girshick, Ross and Rother, Carsten and Doll{\'a}r, Piotr},
  booktitle = {Proceedings of the IEEE/CVF conference on computer vision and pattern recognition},
  pages     = {9404--9413},
  year      = {2019}
}

@article{parislille3d,
  title     = {Paris-Lille-3D: A large and high-quality ground-truth urban point cloud dataset for automatic segmentation and classification},
  author    = {Roynard, Xavier and Deschaud, Jean-Emmanuel and Goulette, Fran{\c{c}}ois},
  journal   = {The International Journal of Robotics Research},
  volume    = {37},
  number    = {6},
  pages     = {545--557},
  year      = {2018},
  publisher = {SAGE Publications Sage UK: London, England}
}

@article{pascal,
  author  = {Everingham, Mark and Eslami, S. and Van Gool, Luc and Williams, Christopher and Winn, John and Zisserman, Andrew},
  year    = {2015},
  month   = {01},
  pages   = {98--136},
  title   = {The Pascal Visual Object Classes Challenge: A Retrospective},
  volume  = {111},
  journal = {International Journal of Computer Vision}
}

@inproceedings{pcl,
  author    = {Rusu, Radu Bogdan and Cousins, Steve},
  booktitle = {2011 IEEE International Conference on Robotics and Automation},
  title     = {3D is here: Point Cloud Library (PCL)},
  year      = {2011},
  month     = {May 9-13},
  volume    = {},
  number    = {},
  pages     = {1-4},
  address   = {Shanghai, China}
}

@article{PointCNN,
  title   = {Pointcnn: Convolution on x-transformed points},
  author  = {Li, Yangyan and Bu, Rui and Sun, Mingchao and Wu, Wei and Di, Xinhan and Chen, Baoquan},
  journal = {Advances in neural information processing systems},
  volume  = {31},
  year    = {2018}
}

@inproceedings{pointnet,
  title     = {Pointnet: Deep learning on point sets for 3d classification and segmentation},
  author    = {Qi, Charles R and Su, Hao and Mo, Kaichun and Guibas, Leonidas J},
  booktitle = {Proceedings of the IEEE conference on computer vision and pattern recognition},
  pages     = {652--660},
  year      = {2017},
  pages     = {77-85},
  month     = {jul}
}

@article{pointnet++,
  title   = {Pointnet++: Deep hierarchical feature learning on point sets in a metric space},
  author  = {Qi, Charles Ruizhongtai and Yi, Li and Su, Hao and Guibas, Leonidas J},
  journal = {Advances in neural information processing systems},
  volume  = {30},
  year    = {2017}
}

@inproceedings{pspnet,
  author    = {Zhao, Hengshuang and Shi, Jianping and Qi, Xiaojuan and Wang, Xiaogang and Jia, Jiaya},
  title     = {Pyramid Scene Parsing Network},
  booktitle = {Proceedings of the IEEE Conference on Computer Vision and Pattern Recognition},
  month     = {July},
  year      = {2017},
  pages     = {2881--2890}
}

@inproceedings{psr,
  title     = {Poisson surface reconstruction},
  author    = {Kazhdan, Michael and Bolitho, Matthew and Hoppe, Hugues},
  booktitle = {Proceedings of the fourth Eurographics symposium on Geometry processing},
  volume    = {7},
  pages     = {0},
  year      = {2006}
}

@article{Real-TimeVolumetric,
  title     = {Scalable real-time volumetric surface reconstruction},
  author    = {Chen, Jiawen and Bautembach, Dennis and Izadi, Shahram},
  journal   = {ACM Transactions on Graphics (ToG)},
  volume    = {32},
  number    = {4},
  pages     = {1--16},
  year      = {2013},
  publisher = {ACM New York, NY, USA}
}

@inproceedings{ReconstructingInteractive3D,
  title        = {Reconstructing interactive 3d scenes by panoptic mapping and cad model alignments},
  author       = {Han, Muzhi and Zhang, Zeyu and Jiao, Ziyuan and Xie, Xu and Zhu, Yixin and Zhu, Song-Chun and Liu, Hangxin},
  booktitle    = {2021 IEEE International Conference on Robotics and Automation},
  pages        = {12199--12206},
  year         = {2021},
  organization = {IEEE}
}

@article{rgbd_ad,
  author  = {Campbell, Mark and Egerstedt, Magnus and How, Jonathan and Murray, Richard},
  year    = {2010},
  month   = {10},
  pages   = {4649-72},
  title   = {Autonomous driving in urban environments: Approaches, lessons and challenges},
  volume  = {368},
  journal = {Philosophical transactions. Series A, Mathematical, physical, and engineering sciences}
}

@article{rgbd_respiratory,
  title     = {Non-contact video-based assessment of the respiratory function using a rgb-d camera},
  author    = {Valenzuela, Andrea and Sibuet, Nicol{\'a}s and Hornero, Gemma and Casas, Oscar},
  journal   = {Sensors},
  volume    = {21},
  number    = {16},
  pages     = {5605},
  year      = {2021},
  publisher = {MDPI}
}

@article{rusinkiewicz2002real,
  title     = {Real-time 3D model acquisition},
  author    = {Rusinkiewicz, Szymon and Hall-Holt, Olaf and Levoy, Marc},
  journal   = {ACM Transactions on Graphics (TOG)},
  volume    = {21},
  number    = {3},
  pages     = {438--446},
  year      = {2002},
  publisher = {ACM New York, NY, USA}
}

@article{s21165397,
  title     = {An overview of autonomous vehicles sensors and their vulnerability to weather conditions},
  author    = {Vargas, Jorge and Alsweiss, Suleiman and Toker, Onur and Razdan, Rahul and Santos, Joshua},
  journal   = {Sensors},
  volume    = {21},
  number    = {16},
  pages     = {5397},
  year      = {2021},
  publisher = {MDPI}
}

@inproceedings{scannet,
  title     = {Scannet: Richly-annotated 3d reconstructions of indoor scenes},
  author    = {Dai, Angela and Chang, Angel X and Savva, Manolis and Halber, Maciej and Funkhouser, Thomas and Nie{\ss}ner, Matthias},
  booktitle = {Proceedings of the IEEE conference on computer vision and pattern recognition},
  pages     = {5828--5839},
  year      = {2017}
}

@misc{scannet_benchmark_result,
  author       = {ScanNet},
  title        = {Benchmark Results},
  howpublished = {\url{https://kaldir.vc.in.tum.de/scannet_benchmark/}}
}

@inproceedings{SceneParsing,
  author    = {Hung, Wei-Chih and Tsai, Yi-Hsuan and Shen, Xiaohui and Lin, Zhe and Sunkavalli, Kalyan and Lu, Xin and Yang, Ming-Hsuan},
  title     = {Scene Parsing With Global Context Embedding},
  booktitle = {Proceedings of the IEEE International Conference on Computer Vision},
  pages     = {2631--2639},
  month     = {Oct},
  year      = {2017}
}

@inproceedings{schonberger2016structure,
  title     = {Structure-from-motion revisited},
  author    = {Schonberger, Johannes L and Frahm, Jan-Michael},
  booktitle = {Proceedings of the IEEE conference on computer vision and pattern recognition},
  pages     = {4104--4113},
  year      = {2016}
}

@article{segformer,
  title   = {SegFormer: Simple and efficient design for semantic segmentation with transformers},
  author  = {Xie, Enze and Wang, Wenhai and Yu, Zhiding and Anandkumar, Anima and Alvarez, Jose M and Luo, Ping},
  journal = {Advances in Neural Information Processing Systems},
  volume  = {34},
  pages   = {12077--12090},
  year    = {2021}
}

@misc{segment_anything,
  title         = {Segment Anything},
  author        = {Alexander Kirillov and Eric Mintun and Nikhila Ravi and Hanzi Mao and Chloe Rolland and Laura Gustafson and Tete Xiao and Spencer Whitehead and Alexander C. Berg and Wan-Yen Lo and Piotr Dollár and Ross Girshick},
  year          = {2023},
  eprint        = {2304.02643},
  archiveprefix = {arXiv},
  primaryclass  = {cs.CV}
}

@article{segnet,
  title     = {Segnet: A deep convolutional encoder-decoder architecture for image segmentation},
  author    = {Badrinarayanan, Vijay and Kendall, Alex and Cipolla, Roberto},
  journal   = {IEEE transactions on pattern analysis and machine intelligence},
  volume    = {39},
  number    = {12},
  pages     = {2481--2495},
  year      = {2017},
  publisher = {IEEE}
}

@article{sift_flow,
  title     = {Sift flow: Dense correspondence across scenes and its applications},
  author    = {Liu, Ce and Yuen, Jenny and Torralba, Antonio},
  journal   = {IEEE transactions on pattern analysis and machine intelligence},
  volume    = {33},
  number    = {5},
  pages     = {978--994},
  year      = {2010},
  publisher = {IEEE}
}

@article{SLAMCast,
  author  = {Stotko, Patrick and Krumpen, Stefan and Hullin, Matthias B. and Weinmann, Michael and Klein, Reinhard},
  journal = {IEEE Transactions on Visualization and Computer Graphics},
  title   = {SLAMCast: Large-Scale, Real-Time 3D Reconstruction and Streaming for Immersive Multi-Client Live Telepresence},
  year    = {2019},
  volume  = {25},
  number  = {5},
  pages   = {2102-2112}
}

@article{song2017review,
  title     = {A review on medical image registration as an optimization problem},
  author    = {Song, Guoli and Han, Jianda and Zhao, Yiwen and Wang, Zheng and Du, Huibin},
  journal   = {Current Medical Imaging},
  volume    = {13},
  number    = {3},
  pages     = {274--283},
  year      = {2017},
  publisher = {Bentham Science Publishers}
}

@book{structuredlight,
  title     = {Structured light and its applications: An introduction to phase-structured beams and nanoscale optical forces},
  author    = {Andrews, David L},
  year      = {2011},
  publisher = {Academic press}
}

@inproceedings{supancic2015depth,
  title     = {Depth-based hand pose estimation: data, methods, and challenges},
  author    = {Supancic, James S and Rogez, Gr{\'e}gory and Yang, Yi and Shotton, Jamie and Ramanan, Deva},
  booktitle = {Proceedings of the IEEE international conference on computer vision},
  pages     = {1868--1876},
  year      = {2015}
}

@article{taketomi2017visual,
  title     = {Visual SLAM algorithms: A survey from 2010 to 2016},
  author    = {Taketomi, Takafumi and Uchiyama, Hideaki and Ikeda, Sei},
  journal   = {IPSJ Transactions on Computer Vision and Applications},
  volume    = {9},
  number    = {1},
  pages     = {1--11},
  year      = {2017},
  publisher = {Springer}
}

@inproceedings{textonboost,
  title        = {Textonboost: Joint appearance, shape and context modeling for multi-class object recognition and segmentation},
  author       = {Shotton, Jamie and Winn, John and Rother, Carsten and Criminisi, Antonio},
  booktitle    = {Computer Vision--ECCV 2006: 9th European Conference on Computer Vision, Graz, Austria, May 7-13, 2006. Proceedings, Part I 9},
  pages        = {1--15},
  year         = {2006},
  organization = {Springer}
}

@article{timeoflight,
  month     = {jun},
  publisher = {Springer Science and Business Media {LLC}},
  volume    = {27},
  number    = {7},
  pages     = {1005--1020},
  year      = {2016},
  author    = {Radu Horaud and Miles Hansard and Georgios Evangelidis and Cl{\'{e}}ment M{\'{e}}nier},
  title     = {An overview of depth cameras and range scanners based on time-of-flight technologies},
  journal   = {Machine Vision and Applications}
}

@inproceedings{tsdf,
  title        = {Truncated signed distance function: experiments on voxel size},
  author       = {Werner, Diana and Al-Hamadi, Ayoub and Werner, Philipp},
  booktitle    = {Image Analysis and Recognition: 11th International Conference, ICIAR 2014, Vilamoura, Portugal, October 22-24, 2014, Proceedings, Part II 11},
  pages        = {357--364},
  year         = {2014},
  organization = {Springer}
}

@misc{unifiedAV,
  title         = {A Unified Taxonomy for Automated Vehicles: Individual, Cooperative, Collaborative, On-Road, and Off-Road},
  author        = {Fredrik Warg and Anders Thorsén and Victoria Vu and Carl Bergenhem},
  year          = {2023},
  eprint        = {2304.02705},
  archiveprefix = {arXiv},
  primaryclass  = {eess.SY}
}

@article{vicini2021non,
  title     = {A non-exponential transmittance model for volumetric scene representations},
  author    = {Vicini, Delio and Jakob, Wenzel and Kaplanyan, Anton},
  journal   = {ACM Transactions on Graphics (TOG)},
  volume    = {40},
  number    = {4},
  pages     = {1--16},
  year      = {2021},
  publisher = {ACM New York, NY, USA}
}

@inproceedings{VideoPanopticSegmentation,
  author    = {Kim, Dahun and Woo, Sanghyun and Lee, Joon-Young and Kweon, In So},
  title     = {Video Panoptic Segmentation},
  booktitle = {Proceedings of the IEEE/CVF Conference on Computer Vision and Pattern Recognition},
  month     = {June},
  pages     = {9859--9868},
  year      = {2020}
}

@inproceedings{virtual_interest_points,
  title        = {Registration of noisy point clouds using virtual interest points},
  author       = {Ahmed, Mirza Tahir and Mohamad, Mustafa and Marshall, Joshua A and Greenspan, Michael},
  booktitle    = {2015 12th Conference on Computer and Robot Vision},
  pages        = {31--38},
  year         = {2015},
  organization = {IEEE}
}

@misc{visual_attention,
  title         = {Visual Attention Methods in Deep Learning: An In-Depth Survey},
  author        = {Mohammed Hassanin and Saeed Anwar and Ibrahim Radwan and Fahad S Khan and Ajmal Mian},
  year          = {2022},
  eprint        = {2204.07756},
  archiveprefix = {arXiv},
  primaryclass  = {cs.CV}
}

@inproceedings{VolumetricMethod,
  title     = {A volumetric method for building complex models from range images},
  author    = {Curless, Brian and Levoy, Marc},
  booktitle = {Proceedings of the 23rd annual conference on Computer graphics and interactive techniques},
  pages     = {303--312},
  year      = {1996}
}

@inproceedings{voxblox,
  year         = {2017},
  month        = {sep},
  pages        = {1366--1373},
  organization = {IEEE},
  author       = {Helen Oleynikova and Zachary Taylor and Marius Fehr and Roland Siegwart and Juan Nieto},
  title        = {Voxblox: Incremental 3D Euclidean Signed Distance Fields for on-board {MAV} planning},
  booktitle    = {2017 IEEE/RSJ International Conference on Intelligent Robots and Systems (IROS)}
}
@article{voxblox++,
  title     = {Volumetric instance-aware semantic mapping and 3D object discovery},
  author    = {Grinvald, Margarita and Furrer, Fadri and Novkovic, Tonci and Chung, Jen Jen and Cadena, Cesar and Siegwart, Roland and Nieto, Juan},
  journal   = {IEEE Robotics and Automation Letters},
  volume    = {4},
  number    = {3},
  pages     = {3037--3044},
  year      = {2019},
  publisher = {IEEE}
}
@article{VoxelHashing,
  title     = {Real-time 3D reconstruction at scale using voxel hashing},
  author    = {Nie{\ss}ner, Matthias and Zollh{\"o}fer, Michael and Izadi, Shahram and Stamminger, Marc},
  journal   = {ACM Transactions on Graphics (ToG)},
  volume    = {32},
  number    = {6},
  pages     = {1--11},
  year      = {2013},
  publisher = {ACM New York, NY, USA}
}
@article{whelan2012kintinuous,
  author    = {Thomas Whelan and John McDonald and Michael Kaess and Maurice Fallon and Hordur Johannsson and John J. Leonard},
  title     = {Kintinuous: Spatially Extended KinectFusion},
  booktitle = {Proceedings of RSS '12 Workshop on RGB-D: Advanced Reasoning with Depth Cameras},
  year      = {2012},
  month     = {July},
  pages     = {4--6}
}

@article{whelan2016elasticfusion,
  title     = {ElasticFusion: Real-time dense SLAM and light source estimation},
  author    = {Whelan, Thomas and Salas-Moreno, Renato F and Glocker, Ben and Davison, Andrew J and Leutenegger, Stefan},
  journal   = {The International Journal of Robotics Research},
  volume    = {35},
  number    = {14},
  pages     = {1697--1716},
  year      = {2016},
  publisher = {SAGE Publications Sage UK: London, England}
}

@inproceedings{zeng20163dmatch,
  title     = {3dmatch: Learning local geometric descriptors from rgb-d reconstructions},
  author    = {Zeng, Andy and Song, Shuran and Nie{\ss}ner, Matthias and Fisher, Matthew and Xiao, Jianxiong and Funkhouser, Thomas},
  booktitle = {Proceedings of the IEEE conference on computer vision and pattern recognition},
  pages     = {1802--1811},
  year      = {2017}
}